<?xml version="1.0" encoding="UTF-8"?><collection xmlns="http://www.loc.gov/MARC21/slim"><record><leader>00514nam--2200193-i-4500</leader><controlfield tag="001">000045773</controlfield><controlfield tag="002">20161230</controlfield><controlfield tag="005">20161230201045</controlfield><controlfield tag="008">060222s1000------------r-----000-0-ger-d</controlfield><datafield ind1=" " ind2=" " tag="040"><subfield code="a">IFIN-HH</subfield></datafield><datafield ind1=" " ind2=" " tag="041"><subfield code="a">ger</subfield></datafield><datafield ind1=" " ind2=" " tag="080"><subfield code="a">53:63</subfield></datafield><datafield ind1="1" ind2=" " tag="100"><subfield code="a">Tschudnowski,A.F</subfield></datafield><datafield ind1="1" ind2="0" tag="245"><subfield code="a">Was is agrophysik?</subfield><subfield code="c">A.f. tschudnowski</subfield></datafield><datafield ind1=" " ind2=" " tag="260"><subfield code="a">Leipzig</subfield><subfield code="b">B.G.Teubner Verlag</subfield><subfield code="c">1965</subfield></datafield><datafield ind1=" " ind2=" " tag="300"><subfield code="a">79P</subfield></datafield><datafield ind1=" " ind2=" " tag="490"><subfield code="a">Kleing Naturwissenschaftliche Bibliotek, Reihe Physik, Band 6</subfield></datafield><datafield ind1=" " ind2=" " tag="852"><subfield code="a">48173</subfield><subfield code="c">53</subfield></datafield><datafield ind1=" " ind2=" " tag="CAT"><subfield code="a">Sys</subfield><subfield code="c">20150326</subfield><subfield code="h">155433</subfield></datafield></record></collection>